% This file was created with JabRef 2.10.
% Encoding: UTF8


@Conference{Bainbridge1997,
  Title                    = {An extensible Optical Music Recognition system},
  Author                   = {David Bainbridge and Tim Bell},
  Booktitle                = {Nineteenth Australasian Computer Science Conference},
  Year                     = {1997},

  Language                 = {english},
  Owner                    = {qwad1000},
  Timestamp                = {2015.04.29},
  Url                      = {http://www.cs.waikato.ac.nz/~davidb/publications/acsc96/}
}

@Book{Baird1992,
  Title                    = {Structured Document Image Analysis},
  Author                   = {H. Baird},
  Editor                   = {H. S. Bunke and K. Yamamoto},
  Publisher                = {Berlin Springer-Varlag},
  Year                     = {1992},

  Language                 = {english},
  Owner                    = {qwad1000},
  Pages                    = {754},
  Timestamp                = {2015.04.29}
}

@Article{Bullen2008,
  Title                    = {Bringing Sheet Music to Life: My Experiences with OMR},
  Author                   = {Andrew H. Bullen},
  Journal                  = {code4lib},
  Year                     = {2008},

  Month                    = {06},
  Volume                   = {3},

  Language                 = {english},
  Owner                    = {qwad1000},
  Timestamp                = {2015.04.29}
}


@MastersThesis{Fujinag1988,
  Title                    = {Optical Music Recognition Using Projections},
  Author                   = {Ichiro Fujinaga},
  School                   = {Department of Theory, Faculty of Music, McGill University, Montreal, Canada},
  Year                     = {1988},

  Language                 = {english},
  Owner                    = {qwad1000},
  Timestamp                = {2015.04.29}
}


@Standard{DBNB,
  Title                    = {ДБН В.2.5-28-2006, “Природне і штучне освітлення”},
  Language                 = {ukrainian},
  Url                      = {http://www.dnaop.com/html/2032_2.html},

  Owner                    = {qwad1000},
  Timestamp                = {2015.05.18}
}

@misc{ Nobody06,
       author = "Nobody Jr",
       title = "My Article",
       year = "2006" }


@book{Cormen:2009,
 author = {Cormen, Thomas H. and Leiserson, Charles E. and Rivest, Ronald L. and Stein, Clifford},
 title = {Introduction to Algorithms, Third Edition},
 year = {2009},
 isbn = {0262033844, 9780262033848},
 edition = {3rd},
 publisher = {The MIT Press},
} 

@article{BT:Stroustroup,
  author = {Matt Austern, Bjarne Stroustrup, Mikkel Thorup and John Wilkinson},
  title = { Untangling the Balancing and Searching of Balanced Binary Search Trees},
  year = {2003},
  journal = {Software - Practice \& Experience. Vol 33, Issue 13}
}

@book{EOP:Stepanov,
 author = {Stepanov, Alexander and McJones, Paul},
 title = {Elements of Programming},
 year = {2009},
 isbn = {032163537X, 9780321635372},
 edition = {1st},
 publisher = {Addison-Wesley Professional},
}

@book{FMGP:Stepanov,
 author = {Stepanov, Alexander A. and Rose, Daniel E.},
 title = {From Mathematics to Generic Programming},
 year = {2014},
 isbn = {0321942043, 9780321942043},
 edition = {1st},
 publisher = {Addison-Wesley Professional},
} 


@online{Latencies,
  author = {University of California, Berkeley},
  title = {Latency Numbers Every Programmer Should Know},
  year = 2017,
  url = {https://people.eecs.berkeley.edu/~rcs/research/interactive_latency.html},
  urldate = {2017-09-20}
}

@inproceedings{OKAPI25,
 author = {Shi, Zhendong and Keung, Jacky and Song, Qinbao},
 title = {An Empirical Study of BM25 and BM25F Based Feature Location Techniques},
 booktitle = {Proceedings of the International Workshop on Innovative Software Development Methodologies and Practices},
 series = {InnoSWDev 2014},
 year = {2014},
 isbn = {978-1-4503-3226-2},
 location = {Hong Kong, China},
 pages = {106--114},
 numpages = {9},
 url = {http://doi.acm.org/10.1145/2666581.2666594},
 doi = {10.1145/2666581.2666594},
 acmid = {2666594},
 publisher = {ACM},
 address = {New York, NY, USA},
 keywords = {BM25, BM25F, Bug Localization, Feature Location, Information Retrieval, Software Maintenance},
} 
